<?xml version="1.0" encoding="UTF-8"?><collection xmlns="http://www.loc.gov/MARC21/slim"><record><leader>00335nam--2200133-i-4500</leader><controlfield tag="001">000039500</controlfield><controlfield tag="002">20161230</controlfield><controlfield tag="005">20161230201042</controlfield><controlfield tag="008">060222s1000------------r-----000-0-eng-d</controlfield><datafield ind1=" " ind2=" " tag="100"><subfield code="a">Roghinski,V.I. Si Goldreer,I.G</subfield></datafield><datafield ind1=" " ind2=" " tag="245"><subfield code="a">Impedante nelineare</subfield></datafield><datafield ind1=" " ind2=" " tag="260"><subfield code="a">Bucuresti, Ed.Tkehnica, 1957. 96 P</subfield></datafield><datafield ind1=" " ind2=" " tag="490"><subfield code="a">Colectia Radio</subfield></datafield><datafield ind1=" " ind2=" " tag="852"><subfield code="a">4681</subfield></datafield></record></collection>